<?xml version="1.0" encoding="UTF-8"?><collection xmlns="http://www.loc.gov/MARC21/slim"><record><leader>00468nam--2200181-u-4500</leader><controlfield tag="001">000052582</controlfield><controlfield tag="002">20161230</controlfield><controlfield tag="005">20161230201050</controlfield><controlfield tag="008">100915s1000------------r-----000-0-eng-d</controlfield><datafield ind1=" " ind2=" " tag="020"><subfield code="a">0444194509</subfield></datafield><datafield ind1=" " ind2=" " tag="040"><subfield code="a">IFIN-HH</subfield></datafield><datafield ind1=" " ind2=" " tag="080"><subfield code="a">533.7</subfield></datafield><datafield ind1="1" ind2=" " tag="100"><subfield code="a">Cercignani, Carlo</subfield></datafield><datafield ind1="1" ind2="0" tag="245"><subfield code="a">Theory and Application of the Bolzmann Equation</subfield><subfield code="c">Carlo Cercignani</subfield></datafield><datafield ind1=" " ind2=" " tag="260"><subfield code="a">New York</subfield><subfield code="b">Elsevier</subfield><subfield code="c">1975</subfield></datafield><datafield ind1=" " ind2=" " tag="300"><subfield code="a">415 p</subfield></datafield><datafield ind1=" " ind2=" " tag="852"><subfield code="a">46598</subfield><subfield code="c">533.7</subfield></datafield><datafield ind1=" " ind2=" " tag="CAT"><subfield code="a">Sys</subfield><subfield code="c">20100915</subfield><subfield code="h">143355</subfield></datafield></record></collection>